@inproceedings{AGR93,
author={Agrawal, R. AND Imielinski, T. AND Swani, A.N.},
title={Mining association rules between sets of items in large databases},
booktitle={Proceedings of the 1993 ACM SIGMOD International Conference on Management of Data},
year={1993},
publisher={ACM Press},
pages={207--213}
}

@inproceedings{AGR94,
author={Agrawal, R. AND Srikant, R.},
title={Fast algorithms for mining association rules in large databases},
booktitle={VLDB '94: Proceedings of the 20th International Conference on Very Large Databases},
year={1994},
publisher={Morgan Kaufmann Publishers Inc.},
pages={487-499}
}

@inproceedings{BRI97,
author={Brin, S. AND Motwani, R. AND Ullman, J.D. AND Tsur, S.},
title={Dynamic Itemset Counting and Implication Rules for Market Basket Data},
booktitle={Proceedings of the 1997 ACM SIGMOD International Conference on Management of Data},
year={1997},
series={SIGMOD Record},
volume={26(2)},
publisher={ACM Press},
pages={255--264}
}

@inproceedings{PEI01,
author={Pei, J. and Han, J. and Lu, H. and Nishio, S. and Tang, S. and Yang, D.},
title={H-Mine: Hyper-structure mining of frequent patterns in large databases},
booktitle={Proc. 2001 Int. Conf. Data Mining (ICDM2001)},
address={San Jose, CA},
year={2001},
pages={441--448}
}

@inproceedings{BOR03,
author={Borglet, C.},
title={Efficient implementations of A priori and Eclat},
booktitle={Proceedings of the 1st IEEE ICDM Workshop on Frequent Item Set Mining Implementations (FIMI 2003)},
year={2003},
pages={90}
}

@inproceedings{PEI00,
author={Pei, J. and Han, J. and Mao, R.},
title={CLOSET: An efficient algorithm for mining frequent closed itemsets},
booktitle={Proc. 2000 ACM-SIGMOD Int. Workshop Data Mining and Knowledge Discovery (DMKD2000)},
address={Dallas, TX},
year={2000},
pages={11-20}
}

@inproceedings{PAS99,
author={Pasquier, N. and Bastide, Y. and Taouil, R. and Lakhal, L.},
title={Discovering frequent closed itemsets for association rules},
booktitle={roc. 7th Int. Conf. Database Theory (ICDT'99)},
address={Jerusalem, Israel},
month={January},
year={1999},
pages={398--416}
}

@techreport{ZAK99,
author={Zaki, M.J. and Hsiao, C.},
title={Charm: An efficient algorithm for closed association rule mining},
booktitle={Technical Report 99-10 , Computer Science},
institution={Rensselaer Polytechnic Institute},
year={1999}
}

@inbook{HAN04,
author={Han, J. and Jian, P. and Yiwen, Y. and Runying, M.},
title={Mining Frequent Patterns without Candidate Generation : A Frequent-Pattern Tree Approach},
booktitle={Data Mining and Knowledge Discovery},
volume={8},
year={2004},
pages={53--87}
}

@unpublished{BOD06,
author={Bodon, F.},
title={A Survey on Frequent Itemset Mining},
year={2006}
}

@unpublished{GOE,
author={Goethals, B.},
title={Survey on Frequent Pattern Mining},
institution={HIIT Basic Research Unit, Department of Computer Science},
address={University of Helsinki, Finland}
}
	

